<collection xmlns="http://www.loc.gov/MARC21/slim">
<record>
  <leader>01178nam0a22002531i 450 </leader>
  <controlfield tag="001">IT\ICCU\CNCE\051512</controlfield>
  <controlfield tag="005">20100304000000.0</controlfield>
  <datafield tag="012" ind1=" " ind2=" ">
    <subfield code="a">n-te e,a- n-ut e.a, (C) 1591 (A)</subfield>
    <subfield code="2">fei</subfield>
  </datafield>
  <datafield tag="100" ind1=" " ind2=" ">
    <subfield code="a">20010202d1591        0itac0103    ba</subfield>
  </datafield>
  <datafield tag="101" ind1=" " ind2=" ">
    <subfield code="a">ITA</subfield>
  </datafield>
  <datafield tag="102" ind1=" " ind2=" ">
    <subfield code="a">IT</subfield>
  </datafield>
  <datafield tag="200" ind1="1" ind2=" ">
    <subfield code="a">Canzone nella creatione di Gregorio XIIII pontefice massimo di Girolamo Sorboli da Bagnacauallo teologo et hora medico fisico di Brescello</subfield>
  </datafield>
  <datafield tag="210" ind1=" " ind2=" ">
    <subfield code="a">In Casalmaggiore</subfield>
    <subfield code="d">1591</subfield>
  </datafield>
  <datafield tag="215" ind1=" " ind2=" ">
    <subfield code="a">\4! c.</subfield>
    <subfield code="d">4ʻ</subfield>
  </datafield>
  <datafield tag="300" ind1=" " ind2=" ">
    <subfield code="a">Stampata probabilmente da Giovanni da Lodi. Cfr.: R. Barbisotti, La stamperia cinquecentesca di Casalmaggiore, in Strenna dell&apos;A.D.A.F.A per l&apos;anno 2000, 40, p. 63</subfield>
  </datafield>
  <datafield tag="620" ind1=" " ind2=" ">
    <subfield code="a">IT</subfield>
    <subfield code="d">Casalmaggiore</subfield>
  </datafield>
  <datafield tag="700" ind1=" " ind2="1">
    <subfield code="a">Sorboli,</subfield>
    <subfield code="b">Girolamo</subfield>
    <subfield code="3">IT\ICCU\CNCA\008956</subfield>
  </datafield>
  <datafield tag="712" ind1="0" ind2="2">
    <subfield code="a">Giovanni da Lodi</subfield>
    <subfield code="3">IT\ICCU\CNCT\003585</subfield>
    <subfield code="4">650</subfield>
  </datafield>
  <datafield tag="790" ind1=" " ind2="1">
    <subfield code="a">Sorboli,</subfield>
    <subfield code="b">Hieronymus</subfield>
    <subfield code="3">IT\ICCU\CNCA\024124</subfield>
    <subfield code="z">Sorboli, Girolamo</subfield>
  </datafield>
  <datafield tag="791" ind1="0" ind2="0">
    <subfield code="a">Laude, Ioannes a</subfield>
    <subfield code="3">IT\ICCU\CNCT\003300</subfield>
    <subfield code="z">Giovanni da Lodi</subfield>
  </datafield>
  <datafield tag="791" ind1="0" ind2="0">
    <subfield code="a">Lodi, Giovanni</subfield>
    <subfield code="3">IT\ICCU\CNCT\003546</subfield>
    <subfield code="z">Giovanni da Lodi</subfield>
  </datafield>
  <datafield tag="791" ind1="0" ind2="2">
    <subfield code="a">Ioannes a Laude</subfield>
    <subfield code="3">IT\ICCU\CNCT\003679</subfield>
    <subfield code="z">Giovanni da Lodi</subfield>
  </datafield>
  <datafield tag="801" ind1=" " ind2="3">
    <subfield code="a">IT</subfield>
    <subfield code="b">ICCU</subfield>
    <subfield code="c">20201115</subfield>
  </datafield>
  <datafield tag="899" ind1=" " ind2=" ">
    <subfield code="a">Biblioteca comunale Ariostea. Ferrara</subfield>
    <subfield code="1">FE0017</subfield>
    <subfield code="2">UFE AR</subfield>
  </datafield>
</record>
</collection>
